<?xml version="1.0" encoding="UTF-8"?><collection xmlns="http://www.loc.gov/MARC21/slim"><record><leader>00616nam--2200217-u-4500</leader><controlfield tag="001">000052491</controlfield><controlfield tag="002">20161230</controlfield><controlfield tag="005">20161230201050</controlfield><controlfield tag="008">100729s1000------------r-----000-0-eng-d</controlfield><datafield ind1=" " ind2=" " tag="020"><subfield code="a">0849300398</subfield></datafield><datafield ind1=" " ind2=" " tag="040"><subfield code="a">IFIN-HH</subfield></datafield><datafield ind1=" " ind2=" " tag="080"><subfield code="a">576.32/36:577</subfield></datafield><datafield ind1="1" ind2=" " tag="100"><subfield code="a">Tuszynski, Jack A</subfield></datafield><datafield ind1="1" ind2="0" tag="245"><subfield code="a">Introduction to Molecular Biophysics</subfield><subfield code="c">Jack A. Tuszynski, Michal Kurzynski</subfield></datafield><datafield ind1=" " ind2=" " tag="260"><subfield code="a">Boca Raton, Florida</subfield><subfield code="b">CRC Press LLC</subfield><subfield code="c">2003</subfield></datafield><datafield ind1=" " ind2=" " tag="300"><subfield code="a">550 p</subfield></datafield><datafield ind1=" " ind2=" " tag="490"><subfield code="a">CRC Series in Pure and Applied Physics</subfield></datafield><datafield ind1=" " ind2="4" tag="650"><subfield code="a">Biophysics</subfield></datafield><datafield ind1="1" ind2=" " tag="700"><subfield code="a">Kurzynski, Michal</subfield></datafield><datafield ind1=" " ind2=" " tag="852"><subfield code="a">82290</subfield><subfield code="c">577.3</subfield></datafield><datafield ind1=" " ind2=" " tag="CAT"><subfield code="a">Sys</subfield><subfield code="c">20100906</subfield><subfield code="h">110409</subfield></datafield></record></collection>